@inproceedings{keidar2011fast,
  title={Fast frontier detection for robot exploration},
  author={Keidar, Matan and Sadeh-Or, Eran and Kaminka, Gal A},
  booktitle={International Conference on Autonomous Agents and Multiagent Systems},
  pages={281--294},
  year={2011},
  organization={Springer}
}

@article{topiwala2018frontier,
	title={Frontier based exploration for autonomous robot},
	author={Topiwala, Anirudh and Inani, Pranav and Kathpal, Abhishek},
	journal={arXiv preprint arXiv:1806.03581},
	year={2018}
}

@inproceedings{keidar2012robot,
	title={Robot exploration with fast frontier detection: theory and experiments},
	author={Keidar, Matan and Kaminka, Gal A},
	booktitle={Proceedings of the 11th International Conference on Autonomous Agents and Multiagent Systems-Volume 1},
	pages={113--120},
	year={2012}
}
@inproceedings{stachniss2003exploring,
	title={Exploring unknown environments with mobile robots using coverage maps},
	author={Stachniss, Cyrill and Burgard, Wolfram},
	booktitle={IJCAI},
	volume={2003},
	pages={1127--1134},
	year={2003}
}